%% This BibTeX bibliography file was created using BibDesk.
%% http://bibdesk.sourceforge.net/

%% Created for Sylvie Stucki at 2017-11-05 09:58:25 +0100 


%% Saved with string encoding Unicode (UTF-8) 


@string{nom_ajmone = {Ajmone Marsan, Paolo}}

@string{nom_albert = {Albert, C{\'e}cile H.}}

@string{nom_andolfatto = {Andolfatto, Peter}}

@string{nom_anselin = {Anselin, Luc}}

@string{nom_aquadro = {Aquadro, Charles F.}}

@string{nom_balding = {Balding, David J.}}

@string{nom_beaumont = {Beaumont, Mark A.}}

@string{nom_bini = {Bini, Luis Mauricio}}

@string{nom_bonin = {Bonin, Aur{\'e}lie}}

@string{nom_bruford = {Bruford, Michael W.}}

@string{nom_brunsdon = {Brunsdon, Chris}}

@string{nom_bustamante = {Bustamante, Carlos D.}}

@string{nom_charlton = {Charlton, Martin}}

@string{nom_coop = {Coop, Graham}}

@string{nom_corander = {Corander, Jukka}}

@string{nom_cushman = {Cushman, Samuel A.}}

@string{nom_dalrymple = {Dalrymple, Brian P.}}

@string{nom_diniz = {Diniz-Filho, Jos{\'e} Alexandre Felizola}}

@string{nom_dufour = {Dufour, Anne B{\'e}atrice}}

@string{nom_excoffier = {Excoffier, Laurent}}

@string{nom_foll = {Foll, Matthieu}}

@string{nom_fortin = {Fortin, Marie-{J}os{\'e}e}}

@string{nom_fotheringham = {Fotheringham, A. Stewart}}

@string{nom_gibson = {Gibson, Daniel G.}}

@string{nom_good = {Good, Irving John}}

@string{nom_gugerli = {Gugerli, Felix}}

@string{nom_guisan = {Guisan, Antoine}}

@string{nom_gutenkunst = {Gutenkunst , Ryan N.}}

@string{nom_hancock = {Hancock, Angela M.}}

@string{nom_hanotte = {Hanotte, Olivier}}

@string{nom_hawkins = {Hawkins, Bradford A.}}

@string{nom_hernandez = {Hernandez, Ryan D.}}

@string{nom_hoffmann = {Hoffmann, Irene}}

@string{nom_holderegger = {Holderegger, Rolf}}

@string{nom_hosmer = {Hosmer, David W.}}

@string{nom_jensen = {Jensen, Jeffrey D.}}

@string{nom_jombart = {Jombart, Thibaut}}

@string{nom_joost = {Joost, St{\'e}phane}}

@string{nom_kantanen = {Kantanen, Juha}}

@string{nom_kijas = {Kijas, James W.}}

@string{nom_king = {King, Gary}}

@string{nom_landguth = {Landguth, Erin L.}}

@string{nom_leempoel = {Leempoel, Kevin}}

@string{nom_legendre = {Legendre, Pierre}}

@string{nom_lemeshow = {Lemeshow, Stanley}}

@string{nom_lewontin = {Lewontin, Richard C.}}

@string{nom_luikart = {Luikart, Gordon}}

@string{nom_lynch = {Lynch, Michael}}

@string{nom_manel = {Manel, St{\'e}phanie}}

@string{nom_marttinen = {Marttinen, Pekka}}

@string{nom_mitton = {Jeffry B. Mitton}}

@string{nom_morgenthaler = {Morgenthaler, Stephan}}

@string{nom_nakaya = {Nakaya, Tomoki}}

@string{nom_negrini = {Negrini, Riccardo}}

@string{nom_nei = {Nei, Masatoshi}}

@string{nom_nielsen = {Nielsen, Rasmus}}

@string{nom_oden = {Neal L. Oden}}

@string{nom_ohta = {Ohta, Tomoko}}

@string{nom_orozco = {Orozco ter {W}engel, Pablo}}

@string{nom_pariset = {Pariset, Lorraine}}

@string{nom_pompanon = {Pompanon, Fran{\c c}ois}}

@string{nom_poncet = {Poncet, B{\'e}n{\'e}dicte}}

@string{nom_pritchard = {Pritchard, Jonathan K.}}

@string{nom_rangel = {Rangel, Thiago Fernando L.V.B.}}

@string{nom_rue = {Rue, Havard}}

@string{nom_schloetterer = {Schloetterer, Christian}}

@string{nom_schoville = {Schoville, Sean D.}}

@string{nom_schwartz = {Schwartz, Michael K.}}

@string{nom_shieh = {Shieh, Gwowen}}

@string{nom_sokal = {Robert R. Sokal}}

@string{nom_stucki = {Stucki, Sylvie}}

@string{nom_taberlet = {Taberlet, Pierre}}

@string{nom_thalmann = {Thalmann, Olaf}}

@string{nom_thomson = {Thomson, Barbara A.}}

@string{nom_thornton = {Thornton, Kevin R.}}

@string{nom_thuiller = {Thuiller, Wilfried}}

@string{nom_valentini = {Valentini, Alessio}}

@string{nom_vigilant = {Vigilant, Linda}}

@string{nom_wagner = {Wagner, Helene H.}}

@string{nom_wayne = {Wayne, Robert K.}}

@string{nom_wegmann = {Wegmann, Daniel}}

@string{nom_yoccoz = {Yoccoz, Nigel G.}}

@string{rev_am_j_pol_sc = {{A}merican {J}ournal of {P}olitical {S}cience}}

@string{rev_an_gen = {{A}nimal {G}enetics}}

@string{rev_an_rev_gen = {{A}nnual {R}eview of {G}enetics}}

@string{rev_biodiv_cons = {{B}iodiversity and {C}onservation}}

@string{rev_bioinf = {{B}ioinformatics}}

@string{rev_biol_j_lin_soc = {{B}iological {J}ournal of the {L}innean {S}ociety}}

@string{rev_biom = {{B}iometrika}}

@string{rev_bmc_bioinf = {{BMC} {B}ioinformatics}}

@string{rev_bmc_gen = {{BMC} {G}enetics}}

@string{rev_comp_stat_data_an = {{C}omputational {S}tatistics \& {D}ata {A}nalysis}}

@string{rev_cons_biol = {{C}onservation {B}iology}}

@string{rev_cons_gen_res = {{C}onservation {G}enetics {R}esources}}

@string{rev_ecography = {{E}cography}}

@string{rev_evol = {{E}volution}}

@string{rev_gen = {{G}enetics}}

@string{rev_gen_biol_evol = {{G}enome {B}iology and {E}volution}}

@string{rev_gen_mol_biol = {{G}enetics and {M}olecular {B}iology}}

@string{rev_geo_an = {{G}eographical {A}nalysis}}

@string{rev_glob_ecol_biogeo = {{G}lobal {E}cology and {B}iogeography}}

@string{rev_her = {{H}eredity}}

@string{rev_j_am_stat_ass = {{J}ournal of the {A}merican {S}tatistical {A}ssociation}}

@string{rev_j_app_ecol = {{J}ournal of {A}pplied {E}cology}}

@string{rev_j_evol_biol = {{J}ournal of {E}volutionary {B}iology}}

@string{rev_j_her = {{J}ournal of {H}eredity}}

@string{rev_j_roy_stat_soc_b = {{J}ournal of the {R}oyal {S}tatistical {S}ociety {S}eries {B}-{S}tatistical {M}ethodology}}

@string{rev_j_roy_stat_soc_d = {{J}ournal of the {R}oyal {S}tatistical {S}ociety {S}eries {D}-{T}he {S}tatistician}}

@string{rev_land_ecol = {{L}andscape {E}cology}}

@string{rev_mol_biol_evol = {{M}olecular {B}iology and {E}volution}}

@string{rev_mol_ecol = {{M}olecular {E}cology}}

@string{rev_mol_ecol_res = {{M}olecular {E}cology {R}essources}}

@string{rev_nat = {{N}ature}}

@string{rev_nat_cons = {{N}atureza \& {C}onserva{\c c}{\~a}o}}

@string{rev_nat_rev_gen = {{N}ature {R}eviews {G}enetics}}

@string{rev_plos_biol = {{PLOS B}iology}}

@string{rev_plos_gen = {{PLOS G}enetics}}

@string{rev_plos_one = {{PLOS ONE}}}

@string{rev_proc_nat_acad_sc_usa = {{P}roceedings of the {N}ational {A}cademy of {S}ciences of the {U}nited {S}tates of {A}merica}}

@string{rev_science = {{S}cience}}

@string{rev_small_rum_r = {{S}mall {R}uminant {R}esearch}}

@string{rev_stat_med = {{S}tatistics in {M}edicine}}

@string{rev_trends_ecol_evol = {{T}rends in {E}cology and {E}volution}}

@string{rev_trends_gen = {{T}rends in {G}enetics}}


@article{anselin:1995,
	Author = nom_anselin,
	Date-Added = {2012-08-14 10:05:05 +0200},
	Date-Modified = {2013-04-19 12:09:20 +0100},
	Issn = {{0016-7363}},
	Journal = rev_geo_an,
	Month = {{APR}},
	Note = {{GISDATA (Geographic Information Systems Data) Specialist Meeting on GIS (Geographic Information Systems) and Spatial Analysis, Amsterdam, Netherlands, Dec 01-05, 1993}},
	Number = {{2}},
	Pages = {{93-115}},
	Times-Cited = {{1005}},
	Title = {{L}ocal {I}ndicators of {S}patial {A}ssociation - {LISA}},
	Unique-Id = {{ISI:A1995QU19800001}},
	Validation = {1},
	Volume = {{27}},
	Year = {{1995}},
	Bdsk-File-1 = {YnBsaXN0MDDUAQIDBAUGJCVYJHZlcnNpb25YJG9iamVjdHNZJGFyY2hpdmVyVCR0b3ASAAGGoKgHCBMUFRYaIVUkbnVsbNMJCgsMDxJXTlMua2V5c1pOUy5vYmplY3RzViRjbGFzc6INDoACgAOiEBGABIAFgAdccmVsYXRpdmVQYXRoWWFsaWFzRGF0YV8QJS4uLy4uL0Ryb3Bib3gvUGFwZXJzL0Fuc2VsaW4tMTk5NS5wZGbSFwsYGVdOUy5kYXRhTxEBjgAAAAABjgACAAAMTWFjaW50b3NoIEhEAAAAAAAAAAAAAAAAAAAAyBmcnUgrAAAAnJRoEEFuc2VsaW4tMTk5NS5wZGYAAAAAAAAAAAAAAAAAAAAAAAAAAAAAAAAAAAAAAAAAAAAAAAAAAAAAAAAAAAAAAACkVfDMTq0IAAAAAAAAAAAAAgADAAAJIAAAAAAAAAAAAAAAAAAAAAZQYXBlcnMAEAAIAADIGY6NAAAAEQAIAADMTp74AAAAAQAQAJyUaACYv4AAA/ajAACSpwACADlNYWNpbnRvc2ggSEQ6VXNlcnM6U3lsdmllOkRyb3Bib3g6UGFwZXJzOkFuc2VsaW4tMTk5NS5wZGYAAA4AIgAQAEEAbgBzAGUAbABpAG4ALQAxADkAOQA1AC4AcABkAGYADwAaAAwATQBhAGMAaQBuAHQAbwBzAGgAIABIAEQAEgAsVXNlcnMvU3lsdmllL0Ryb3Bib3gvUGFwZXJzL0Fuc2VsaW4tMTk5NS5wZGYAEwABLwAAFQACAA3//wAAgAbSGxwdHlokY2xhc3NuYW1lWCRjbGFzc2VzXU5TTXV0YWJsZURhdGGjHR8gVk5TRGF0YVhOU09iamVjdNIbHCIjXE5TRGljdGlvbmFyeaIiIF8QD05TS2V5ZWRBcmNoaXZlctEmJ1Ryb290gAEACAARABoAIwAtADIANwBAAEYATQBVAGAAZwBqAGwAbgBxAHMAdQB3AIQAjgC2ALsAwwJVAlcCXAJnAnACfgKCAokCkgKXAqQCpwK5ArwCwQAAAAAAAAIBAAAAAAAAACgAAAAAAAAAAAAAAAAAAALD}}

@article{benjamini:1995,
	Author = {Benjamini, Y And Hochberg, Y},
	Date-Added = {2013-04-22 09:12:40 +0100},
	Date-Modified = {2013-04-22 09:21:11 +0100},
	Issn = {{0035-9246}},
	Journal = rev_j_roy_stat_soc_b,
	Number = {{1}},
	Pages = {{289-300}},
	Researcherid-Numbers = {{Benjamini, Yoav/C-4219-2008}},
	Times-Cited = {{11757}},
	Title = {{C}ontrolling The False Discovery Rate - {A} Practical And Powerful Approach To Multiple Testing},
	Unique-Id = {{ISI:A1995QE45300017}},
	Validation = {1},
	Volume = {{57}},
	Year = {{1995}},
	Bdsk-File-1 = {YnBsaXN0MDDUAQIDBAUGJCVYJHZlcnNpb25YJG9iamVjdHNZJGFyY2hpdmVyVCR0b3ASAAGGoKgHCBMUFRYaIVUkbnVsbNMJCgsMDxJXTlMua2V5c1pOUy5vYmplY3RzViRjbGFzc6INDoACgAOiEBGABIAFgAdccmVsYXRpdmVQYXRoWWFsaWFzRGF0YV8QJy4uLy4uL0Ryb3Bib3gvUGFwZXJzL0JlbmphbWluaS0xOTk1LnBkZtIXCxgZV05TLmRhdGFPEQGWAAAAAAGWAAIAAAxNYWNpbnRvc2ggSEQAAAAAAAAAAAAAAAAAAADIGZydSCsAAACclGgSQmVuamFtaW5pLTE5OTUucGRmAAAAAAAAAAAAAAAAAAAAAAAAAAAAAAAAAAAAAAAAAAAAAAAAAAAAAAAAAAAAAKyYa82a3LwAAAAAAAAAAAACAAMAAAkgAAAAAAAAAAAAAAAAAAAABlBhcGVycwAQAAgAAMgZjo0AAAARAAgAAM2azqwAAAABABAAnJRoAJi/gAAD9qMAAJKnAAIAO01hY2ludG9zaCBIRDpVc2VyczpTeWx2aWU6RHJvcGJveDpQYXBlcnM6QmVuamFtaW5pLTE5OTUucGRmAAAOACYAEgBCAGUAbgBqAGEAbQBpAG4AaQAtADEAOQA5ADUALgBwAGQAZgAPABoADABNAGEAYwBpAG4AdABvAHMAaAAgAEgARAASAC5Vc2Vycy9TeWx2aWUvRHJvcGJveC9QYXBlcnMvQmVuamFtaW5pLTE5OTUucGRmABMAAS8AABUAAgAN//8AAIAG0hscHR5aJGNsYXNzbmFtZVgkY2xhc3Nlc11OU011dGFibGVEYXRhox0fIFZOU0RhdGFYTlNPYmplY3TSGxwiI1xOU0RpY3Rpb25hcnmiIiBfEA9OU0tleWVkQXJjaGl2ZXLRJidUcm9vdIABAAgAEQAaACMALQAyADcAQABGAE0AVQBgAGcAagBsAG4AcQBzAHUAdwCEAI4AuAC9AMUCXwJhAmYCcQJ6AogCjAKTApwCoQKuArECwwLGAssAAAAAAAACAQAAAAAAAAAoAAAAAAAAAAAAAAAAAAACzQ==}}

@article{joost:2007,
	Author = nom_joost # { and } # nom_bonin # { and } # nom_bruford # { and } # {Laurence Despr{\'e}s and C. Conord and G. Erhardt} # { and } # nom_taberlet,
	Date-Added = {2012-08-08 17:16:32 +0200},
	Date-Modified = {2013-02-07 23:42:15 +0100},
	Journal = rev_mol_ecol,
	Number = {18},
	Pages = {3955-3969},
	Title = {{A} Spatial Analysis Method ({SAM}) to detect candidate loci for selection: towards a landscape genomics approach to adaptation},
	Validation = {1},
	Volume = {16},
	Year = {2007},
	Bdsk-File-1 = {YnBsaXN0MDDUAQIDBAUGJCVYJHZlcnNpb25YJG9iamVjdHNZJGFyY2hpdmVyVCR0b3ASAAGGoKgHCBMUFRYaIVUkbnVsbNMJCgsMDxJXTlMua2V5c1pOUy5vYmplY3RzViRjbGFzc6INDoACgAOiEBGABIAFgAdccmVsYXRpdmVQYXRoWWFsaWFzRGF0YV8QIy4uLy4uL0Ryb3Bib3gvUGFwZXJzL0pvb3N0LTIwMDcucGRm0hcLGBlXTlMuZGF0YU8RAYYAAAAAAYYAAgAADE1hY2ludG9zaCBIRAAAAAAAAAAAAAAAAAAAAMgZnJ1IKwAAAJyUaA5Kb29zdC0yMDA3LnBkZgAAAAAAAAAAAAAAAAAAAAAAAAAAAAAAAAAAAAAAAAAAAAAAAAAAAAAAAAAAAAAAAAAAxlCRznHk7QAAAAAAAAAAAAIAAwAACSAAAAAAAAAAAAAAAAAAAAAGUGFwZXJzABAACAAAyBmOjQAAABEACAAAznHW3QAAAAEAEACclGgAmL+AAAP2owAAkqcAAgA3TWFjaW50b3NoIEhEOlVzZXJzOlN5bHZpZTpEcm9wYm94OlBhcGVyczpKb29zdC0yMDA3LnBkZgAADgAeAA4ASgBvAG8AcwB0AC0AMgAwADAANwAuAHAAZABmAA8AGgAMAE0AYQBjAGkAbgB0AG8AcwBoACAASABEABIAKlVzZXJzL1N5bHZpZS9Ecm9wYm94L1BhcGVycy9Kb29zdC0yMDA3LnBkZgATAAEvAAAVAAIADf//AACABtIbHB0eWiRjbGFzc25hbWVYJGNsYXNzZXNdTlNNdXRhYmxlRGF0YaMdHyBWTlNEYXRhWE5TT2JqZWN00hscIiNcTlNEaWN0aW9uYXJ5oiIgXxAPTlNLZXllZEFyY2hpdmVy0SYnVHJvb3SAAQAIABEAGgAjAC0AMgA3AEAARgBNAFUAYABnAGoAbABuAHEAcwB1AHcAhACOALQAuQDBAksCTQJSAl0CZgJ0AngCfwKIAo0CmgKdAq8CsgK3AAAAAAAAAgEAAAAAAAAAKAAAAAAAAAAAAAAAAAAAArk=}}

@url{purcell:2009,
	Author = {Shaun Purcell},
	Date-Added = {2013-05-29 16:29:36 +0200},
	Date-Modified = {2014-04-12 10:32:08 +0200},
	Howpublished = {\protect{\url{http://pngu.mgh.harvard.edu/purcell/plink/}}},
	Lastchecked = {2013-05-29},
	Title = {PLINK 1.07},
	Url = {http://pngu.mgh.harvard.edu/purcell/plink/},
	Urldate = {2009-10-10},
	Validation = {1},
	Year = {2009},
	Bdsk-Url-1 = {http://pngu.mgh.harvard.edu/purcell/plink/}}

@article{storey:2003,
	Author = {Storey, J. D. and Tibshirani, R.},
	Date-Added = {2013-04-22 09:12:40 +0100},
	Date-Modified = {2013-04-22 17:37:16 +0100},
	Doi = {{10.1073/pnas.1530509100}},
	Issn = {{0027-8424}},
	Journal = rev_proc_nat_acad_sc_usa,
	Month = {{AUG 5}},
	Number = {{16}},
	Pages = {{9440-9445}},
	Researcherid-Numbers = {{Storey, John/B-5282-2011}},
	Times-Cited = {{2952}},
	Title = {{S}tatistical significance for genomewide studies},
	Unique-Id = {{ISI:000184620000062}},
	Validation = {1},
	Volume = {{100}},
	Year = {{2003}},
	Bdsk-File-1 = {YnBsaXN0MDDUAQIDBAUGJCVYJHZlcnNpb25YJG9iamVjdHNZJGFyY2hpdmVyVCR0b3ASAAGGoKgHCBMUFRYaIVUkbnVsbNMJCgsMDxJXTlMua2V5c1pOUy5vYmplY3RzViRjbGFzc6INDoACgAOiEBGABIAFgAdccmVsYXRpdmVQYXRoWWFsaWFzRGF0YV8QJC4uLy4uL0Ryb3Bib3gvUGFwZXJzL1N0b3JleS0yMDAzLnBkZtIXCxgZV05TLmRhdGFPEQGKAAAAAAGKAAIAAAxNYWNpbnRvc2ggSEQAAAAAAAAAAAAAAAAAAADIGZydSCsAAACclGgPU3RvcmV5LTIwMDMucGRmAAAAAAAAAAAAAAAAAAAAAAAAAAAAAAAAAAAAAAAAAAAAAAAAAAAAAAAAAAAAAAAAALwlTs4z/IwAAAAAAAAAAAACAAMAAAkgAAAAAAAAAAAAAAAAAAAABlBhcGVycwAQAAgAAMgZjo0AAAARAAgAAM4z7nwAAAABABAAnJRoAJi/gAAD9qMAAJKnAAIAOE1hY2ludG9zaCBIRDpVc2VyczpTeWx2aWU6RHJvcGJveDpQYXBlcnM6U3RvcmV5LTIwMDMucGRmAA4AIAAPAFMAdABvAHIAZQB5AC0AMgAwADAAMwAuAHAAZABmAA8AGgAMAE0AYQBjAGkAbgB0AG8AcwBoACAASABEABIAK1VzZXJzL1N5bHZpZS9Ecm9wYm94L1BhcGVycy9TdG9yZXktMjAwMy5wZGYAABMAAS8AABUAAgAN//8AAIAG0hscHR5aJGNsYXNzbmFtZVgkY2xhc3Nlc11OU011dGFibGVEYXRhox0fIFZOU0RhdGFYTlNPYmplY3TSGxwiI1xOU0RpY3Rpb25hcnmiIiBfEA9OU0tleWVkQXJjaGl2ZXLRJidUcm9vdIABAAgAEQAaACMALQAyADcAQABGAE0AVQBgAGcAagBsAG4AcQBzAHUAdwCEAI4AtQC6AMICUAJSAlcCYgJrAnkCfQKEAo0CkgKfAqICtAK3ArwAAAAAAAACAQAAAAAAAAAoAAAAAAAAAAAAAAAAAAACvg==},
	Bdsk-Url-1 = {http://dx.doi.org/10.1073/pnas.1530509100%7D}}

@phdthesis{stucki:2014,
	Address = {Lausanne},
	Author = nom_stucki,
	Date-Added = {2014-03-31 17:14:57 +0200},
	Date-Modified = {2014-03-31 17:23:02 +0200},
	Doi = {10.5075/epfl-thesis-6014},
	School = {{E}cole {P}olytechnique {F}{\'e}d{\'e}rale de {L}ausanne},
	Title = {{D}{\'e}veloppement d'outils de g{\'e}o-calcul haute performance pour l'identification de r{\'e}gions du g{\'e}nome potentiellement soumises {\`a} la s{\'e}lection naturelle: analyse spatiale de la diversit{\'e} de panels de polymorphismes nucl{\'e}otidiques {\`a} haute densit{\'e} (800k) chez \emph{Bos taurus} et \emph{B. indicus} en {O}uganda},
	Url = {http://infoscience.epfl.ch/record/196921},
	Validation = {1},
	Year = {2014},
	Bdsk-Url-1 = {http://dx.doi.org/10.5075/epfl-thesis-6014},
	Bdsk-Url-2 = {http://infoscience.epfl.ch/record/196921}}

@article{stucki:2016,
	Author = {Stucki, S. and Orozco-terWengel, P. and Forester, B. R. and Duruz, S. and Colli, L. and Masembe, C. and Negrini, R. and Landguth, E. and Jones, M. R. and The NEXTGEN Consortium and Bruford, M. W. and Taberlet, P. and Joost, S.},
	Date-Added = {2017-10-11 09:27:35 +0000},
	Date-Modified = {2017-11-05 08:58:05 +0000},
	Doi = {10.1111/1755-0998.12629},
	Issn = {1755-0998},
	Journal = {Molecular Ecology Resources},
	Keywords = {environmental correlations, genome scans, high performance computing, landscape genomics, local adaptation, spatial autocorrelation},
	Number = {5},
	Pages = {1072-1089},
	Title = {High performance computation of landscape genomic models including local indicators of spatial association},
	Url = {http://dx.doi.org/10.1111/1755-0998.12629},
	Volume = {17},
	Year = {2016},
	Bdsk-Url-1 = {http://dx.doi.org/10.1111/1755-0998.12629}}

@comment{BibDesk Static Groups{
<?xml version="1.0" encoding="UTF-8"?>
<!DOCTYPE plist PUBLIC "-//Apple//DTD PLIST 1.0//EN" "http://www.apple.com/DTDs/PropertyList-1.0.dtd">
<plist version="1.0">
<array>
	<dict>
		<key>group name</key>
		<string>sambada</string>
		<key>keys</key>
		<string>colli:2014,joost:2007,abila:2008,coop:2010,anselin:1995,dobson:2008,gunther:2013,wri:2010,henry:2013,national-aeronautics-and-space-administration:2009,jones:2013,gdal-development-team:2013,hijmans:2005,joost:2008a,farr:2007,vitti:2013,purcell:2007,alexander:2009,beaumont:1996,excoffier:2010,foll:2008,frichot:2013,moran:1950,mitton:1977,pemstein:2011,de-mita:2013,wright:1949,vitalis:2003,fotheringham:2002,guillot:2014,joost:2013</string>
	</dict>
	<dict>
		<key>group name</key>
		<string>sambada-manual</string>
		<key>keys</key>
		<string>anselin:1995,benjamini:1995,joost:2007,purcell:2009,storey:2003,stucki:2014,stucki:2016</string>
	</dict>
</array>
</plist>
}}
